@Article{Levenshtein,
    author={V. I. Levenshtein},
    title={Binary Codes Capable of Correcting Deletions, Insertions, and Reversals},
    journal={Doklady Akademii Nauk SSSR},
    year={1965},
    month=Jan,
    day={02},
    volume={164},
    number={4},
    pages={845-848},
}

@Article{HardLCS,
    author={Jiang, Tao and Li, Ming},
    title={On The Approximation Of Shortest Common Supersequences And Longest Common Subsequences},
    journal={SIAM Journal of Computing},
    year={1995},
    month=Oct,
    % day={},
    volume={24},
    number={5},
    pages={1122-1139},
}

@Article{MedianString,
    author={C. de la Higuera and F. Casacuberta},
    title={Topology of Strings: Median String is NP-Complete},
    journal={Theoretical Computer Science},
    year={1996},
    month=Apr,
    % day={},
    volume={230},
    % number={5},
    pages={39-48},
}

@Article{Ukkonen,
    author={Esko Ukkonen},
    title={Algorithms For Approximate String Matching},
    journal={Information and Control},
    year={1985},
    month=Jan,
    % day={},
    volume={64},
    % number={5},
    pages={100 - 118},
    doi={10.1016/S0019-9958(85)80046-2},
    url={https://doi.org/10.1016/S0019-9958(85)80046-2},
}

@Article{ColeHariharan,
    author={Richard Cole and Ramesh Hariharan},
    title={Approximate string matching: A simpler faster algorithm},
    journal={Proceedings of the 1998 9th Annual ACM SIAM Symposium on Discrete Algorithms},
    year={1998},
    % month=Jan,
    % day={},
    % volume={64},
    % number={5},
    pages={463-472},
    % doi={10.1016/S0019-9958(85)80046-2},
    % url={https://doi.org/10.1016/S0019-9958(85)80046-2},
}

@Article{LinearEdit,
    author={Andoni, Alexandr and Nosatzki, Negev Shekel},
    title={Edit Distance in Near-Linear Time: It’s a Constant Factor},
    journal={2020 IEEE 61st Annual Symposium on Foundations of Computer Science (FOCS)},
    year={2020},
    month=Nov,
    % day={18},
    % volume={64},
    % number={5},
    % pages={463-472},
    doi={10.1109/FOCS46700.2020.00096},
    % url={https://doi.org/10.1016/S0019-9958(85)80046-2},
}

@article{QuadraticEdit,
    author = {Chakraborty, Diptarka and Das, Debarati and Goldenberg, Elazar and Kouck\'{y}, Michal and Saks, Michael},
    title = {Approximating Edit Distance Within Constant Factor in Truly Sub-Quadratic Time},
    year = {2018},
    pages = {979-990},
    % issue_date = {December 2020},
    % publisher = {Association for Computing Machinery},
    % address = {New York, NY, USA},
    % volume = {67},
    % number = {6},
    % issn = {0004-5411},
    url = {https://doi.org/10.1145/3422823},
    doi = {10.1145/3422823},
    abstract = {Edit distance is a measure of similarity of two strings based on the minimum number of character insertions, deletions, and substitutions required to transform one string into the other. The edit distance can be computed exactly using a dynamic programming algorithm that runs in quadratic time. Andoni, Krauthgamer, and Onak (2010) gave a nearly linear time algorithm that approximates edit distance within approximation factor poly(log n).In this article, we provide an algorithm with running time \~{O}(n2−2/7) that approximates the edit distance within a constant factor.},
    journal = {2018 IEEE 59th Annual Symposium on Foundations of Computer Science (FOCS)},
    % month = {oct},
    % articleno = {36},
    % numpages = {22},
    keywords = {Edit distance, randomized algorithm, approximation algorithm, sub-quadratic time algorithm}
}

@article{PermutationEdit,
 author = {Charikar, Moses and Krauthgamer, Robert},
 title = {Embedding the Ulam metric into $l_1$},
 year = {2006},
 pages = {207-224},
 doi = {10.4086/toc.2006.v002a011},
 publisher = {Theory of Computing},
 journal = {Theory of Computing},
 volume = {2},
 number = {11},
 URL = {https://theoryofcomputing.org/articles/v002a011},
}

@article{KendallHard,
 author = {Cynthia Dwork and Ravi Kumar and Moni Naor and D. Sivakumar},
 title = {Rank Aggregation Methods For The Web},
 year = {2001},
 pages = {613–622},
 doi = {10.1145/371920.372165},
 journal = {The Tenth International World Wide Web Conference},
}

@article{NearOptimalUlam,
 author = {Andoni, Alexandr and Nguyen, Huy L.},
 title = {Near-Optimal Sublinear Time Algorithms for Ulam Distance},
 year = {2010},
 pages = {76 - 86},
 doi = {10.1137/1.9781611973075.8},
 publisher = {SIAM},
 journal = {Proceedings of the Twenty-First Annual ACM-SIAM Symposium on Discrete Algorithms (SODA)},
}

@inproceedings{MultiPermutation,
  author={Farnoud, Farzad and Milenkovic, Olgica},
  booktitle={2014 IEEE International Symposium on Information Theory}, 
  title={Multipermutation codes in the Ulam metric}, 
  year={2014},
  volume={},
  number={},
  pages={2754-2758},
  doi={10.1109/ISIT.2014.6875335}
}

@article{FlashMemory,
  author={Jiang, Anxiao and Mateescu, Robert and Schwartz, Moshe and Bruck, Jehoshua},
  journal={IEEE Transactions on Information Theory}, 
  title={Rank Modulation for Flash Memories}, 
  year={2009},
  volume={55},
  number={6},
  pages={2659-2673},
  doi={10.1109/TIT.2009.2018336}
}

@ARTICLE{ChargeDropCorrection,
  author={Farnoud, Farzad and Skachek, Vitaly and Milenkovic, Olgica},
  journal={IEEE Transactions on Information Theory}, 
  title={Error-Correction in Flash Memories via Codes in the Ulam Metric}, 
  year={2013},
  volume={59},
  number={5},
  pages={3003-3020},
  doi={10.1109/TIT.2013.2239700}
}

@inproceedings{FairRankAggregation,
 author = {Chakraborty, Diptarka and Das, Syamantak and Khan, Arindam and Subramanian, Aditya},
 booktitle = {Advances in Neural Information Processing Systems},
 editor = {S. Koyejo and S. Mohamed and A. Agarwal and D. Belgrave and K. Cho and A. Oh},
 pages = {23965--23978},
 publisher = {Curran Associates, Inc.},
 title = {Fair Rank Aggregation},
 url = {https://proceedings.neurips.cc/paper_files/paper/2022/file/974309ef51ebd89034adc64a57e304f2-Paper-Conference.pdf},
 volume = {35},
 year = {2022}
}

@book{RankData,
  title={Analyzing and Modeling Rank Data},
  author={Marden, J.I.},
  isbn={9781482252491},
  series={Chapman \& Hall/CRC Monographs on Statistics \& Applied Probability},
  url={https://books.google.com.sg/books?id=Ug5MDwAAQBAJ},
  year={2014},
  publisher={CRC Press}
}

@inproceedings{MainPaper,
  title={Approximating the median under the ulam metric},
  author={Chakraborty, Diptarka and Das, Debarati and Krauthgamer, Robert},
  booktitle={Proceedings of the 2021 ACM-SIAM Symposium on Discrete Algorithms (SODA)},
  pages={761-775},
  year={2021},
  organization={SIAM}
}

@InProceedings{UlamCenter,
  author =	{Chakraborty, Diptarka and Gajjar, Kshitij and Jha, Agastya Vibhuti},
  title =	{{Approximating the Center Ranking Under Ulam}},
  booktitle =	{41st IARCS Annual Conference on Foundations of Software Technology and Theoretical Computer Science (FSTTCS 2021)},
  pages =	{12:1--12:21},
  series =	{Leibniz International Proceedings in Informatics (LIPIcs)},
  ISBN =	{978-3-95977-215-0},
  ISSN =	{1868-8969},
  year =	{2021},
  volume =	{213},
  editor =	{Boja\'{n}czy, Miko{\l}aj and Chekuri, Chandra},
  publisher =	{Schloss Dagstuhl -- Leibniz-Zentrum f{\"u}r Informatik},
  address =	{Dagstuhl, Germany},
  URL =		{https://drops.dagstuhl.de/opus/volltexte/2021/15523},
  URN =		{urn:nbn:de:0030-drops-155230},
  doi =		{10.4230/LIPIcs.FSTTCS.2021.12},
  annote =	{Keywords: Center Problem, Ulam Metric, Edit Distance, Closest String, Approximation Algorithms}
}

@misc{ClusteringPermutation,
  title={Clustering Permutations: New Techniques with Streaming Applications}, 
  author={Diptarka Chakraborty and Debarati Das and Robert Krauthgamer},
  year={2022},
  eprint={2212.01821},
  archivePrefix={arXiv},
  primaryClass={cs.DS}
}

@article{MaxClique,
  title={Reducibility Among Combinatorial Problems},
  author={Richard M. Karp.},
  journal={The Journal of Symbolic Logic},
  volume={40},
  number={4},
  pages={618--619},
  year={1975},
  publisher={Cambridge University Press}
}

@misc{LocalSearch,
  title={An Improved Local Search Algorithm for k-Median}, 
  author={Vincent Cohen-Addad and Anupam Gupta and Lunjia Hu and Hoon Oh and David Saulpic},
  year={2021},
  eprint={2111.04589},
  archivePrefix={arXiv},
  primaryClass={cs.DS}
}

@article{ApproximateStringMatching,
  title={A guided tour to approximate string matching},
  author={Navarro, Gonzalo},
  journal={ACM computing surveys (CSUR)},
  volume={33},
  number={1},
  pages={31--88},
  year={2001},
  publisher={ACM New York, NY, USA}
}

@article{StringTreeSequence,
  title={Algorithms on Strings, Trees, and Sequences},
  author={Dan Gusfield},
  year={1997},
}
